@inproceedings{berger1990approximation,
  title     = {Approximation alogorithms for the maximum acyclic subgraph problem},
  author    = {Berger, Bonnie and Shor, Peter W},
  booktitle = {Proceedings of the first annual ACM-SIAM symposium on Discrete algorithms},
  pages     = {236--243},
  year      = {1990},
}

@article{hassin1994approximations,
  title     = {Approximations for the maximum acyclic subgraph problem},
  author    = {Hassin, Refael and Rubinstein, Shlomi},
  journal   = {Information processing letters},
  volume    = {51},
  number    = {3},
  pages     = {133--140},
  year      = {1994},
  publisher = {Elsevier},
}

@article{berger1997tight,
  title     = {Tight bounds for the maximum acyclic subgraph problem},
  author    = {Berger, Bonnie and Shor, Peter W},
  journal   = {Journal of Algorithms},
  volume    = {25},
  number    = {1},
  pages     = {1--18},
  year      = {1997},
  publisher = {Elsevier},
}

@inproceedings{charikar2007advantage,
  title        = {On the advantage over random for maximum acyclic subgraph},
  author       = {Charikar, Moses and Makarychev, Konstantin and Makarychev, Yury},
  booktitle    = {48th Annual IEEE Symposium on Foundations of Computer Science (FOCS'07)},
  pages        = {625--633},
  year         = {2007},
  organization = {IEEE},
}

@inproceedings{guruswami2008beating,
  author  = {Guruswami, Venkatesan and Manokaran, Rajsekar and Raghavendra, Prasad},
  year    = {2008},
  month   = {10},
  pages   = {573-582},
  title   = {Beating the Random Ordering is Hard: Inapproximability of Maximum Acyclic Subgraph},
  journal = {Proceedings - Annual IEEE Symposium on Foundations of Computer Science, FOCS},
  doi     = {10.1109/FOCS.2008.51},
}

@article{cvetkovic2020maximal,
  title     = {Maximal acyclic subgraphs and closest stable matrices},
  author    = {Cvetkovic, Aleksandar and Protasov, Vladimir Yu},
  journal   = {SIAM Journal on Matrix Analysis and Applications},
  volume    = {41},
  number    = {3},
  pages     = {1167--1182},
  year      = {2020},
  publisher = {SIAM},
}
